% foo bar
@book{numopt2016,
author    = {Wright, Stephen and Nocedal, Jorge}, 
title     = {Numerical Optimization},
publisher = {Springer-Verlag New York},
year      = 2006,
isbn      = {978-0-387-30303-1},
edition   = {2}
}

@MISC{IMM2004,
author       = "K. Madsen and H. B. Nielsen and O. Tingleff",
title        = "Methods for Non-Linear Least Squares Problems (2nd ed.)",
year         = "2004",
pages        = "60",
publisher    = "Informatics and Mathematical Modelling, Technical University of Denmark, {DTU}"
}